<record><leader>00000cas a22000007a 4500</leader><controlfield tag="001">15533340</controlfield><controlfield tag="008">870415c18839999mouwr ne      0   a0eng d</controlfield><datafield ind1=" " ind2=" " tag="010"><subfield code="a">sn 88079426 </subfield></datafield><datafield ind1=" " ind2=" " tag="040"><subfield code="a">NPH</subfield><subfield code="b">eng</subfield><subfield code="c">NPH</subfield><subfield code="d">MQN</subfield><subfield code="d">NSD</subfield><subfield code="d">OCLCQ</subfield></datafield><datafield ind1=" " ind2=" " tag="012"><subfield code="m">0</subfield></datafield><datafield ind1="1" ind2=" " tag="022"><subfield code="a">1525-4623</subfield><subfield code="l">1525-4623</subfield><subfield code="2">1</subfield></datafield><datafield ind1=" " ind2=" " tag="042"><subfield code="a">msc</subfield><subfield code="a">nsdp</subfield></datafield><datafield ind1=" " ind2="4" tag="222"><subfield code="a">The Prospect-news</subfield><subfield code="b">(Doniphan, Ripley County, Mo.)</subfield></datafield><datafield ind1="0" ind2="4" tag="245"><subfield code="a">The Prospect-news.</subfield></datafield><datafield ind1=" " ind2=" " tag="260"><subfield code="a">Doniphan, Ripley County, Mo. :</subfield><subfield code="b">Pearce &amp; Mabrey,</subfield><subfield code="c">1883-</subfield></datafield><datafield ind1=" " ind2=" " tag="300"><subfield code="a">v. ;</subfield><subfield code="c">50 cm.</subfield></datafield><datafield ind1=" " ind2=" " tag="310"><subfield code="a">Weekly</subfield></datafield><datafield ind1="0" ind2=" " tag="362"><subfield code="a">Vol. 1, no. 1 (Nov. 30, 1883)-</subfield></datafield><datafield ind1=" " ind2=" " tag="752"><subfield code="a">United States</subfield><subfield code="b">Missouri</subfield><subfield code="c">Ripley</subfield><subfield code="d">Doniphan.</subfield></datafield><datafield ind1="0" ind2="4" tag="780"><subfield code="t">Doniphan prospect</subfield><subfield code="w">(DLC)sn 89067093</subfield></datafield><datafield ind1="0" ind2="4" tag="780"><subfield code="t">Current River news</subfield></datafield><datafield ind1="0" ind2="5" tag="780"><subfield code="t">Doniphan republican</subfield><subfield code="w">(DLC)sn 89067094</subfield></datafield></record>